<?xml version="1.0" encoding="UTF-8"?><collection xmlns="http://www.loc.gov/MARC21/slim"><record><leader>00411nam--2200145-i-4500</leader><controlfield tag="001">000037002</controlfield><controlfield tag="002">20161230</controlfield><controlfield tag="005">20161230201041</controlfield><controlfield tag="008">060222s1000------------r-----000-0-eng-d</controlfield><datafield ind1=" " ind2=" " tag="080"><subfield code="a">628.543:621.039.75</subfield></datafield><datafield ind1=" " ind2=" " tag="245"><subfield code="a">Principles and practices of incineration</subfield></datafield><datafield ind1=" " ind2=" " tag="260"><subfield code="a">New York, Wiley-interscience, 1969, Ix + 297p</subfield></datafield><datafield ind1=" " ind2=" " tag="490"><subfield code="a">Environmental Science And Technology</subfield></datafield><datafield ind1=" " ind2=" " tag="700"><subfield code="a">Corey, Richard C</subfield></datafield><datafield ind1=" " ind2=" " tag="852"><subfield code="a">33212</subfield></datafield></record></collection>